@article{awerbuch1985,
  author  = {Baruch Awerbuch},
  title   = {A NEW DISTRIBUTED DEPTH-FIRST-SEARCH ALGORITHM},
  journal = {Information Processing Letters Volume 20},
  year    = {1985}
}

@article{cidon1988,
  author  = {Israel Cidon},
  title   = {Yet another distributed depth-first-search algorithm},
  journal = {Information Processing Letters Volume 26},
  year    = {1988}
}